@misc{C1L1,
	title = {Landsat Collection 1},
	howpublished = {\url{https://www.usgs.gov/core-science-systems/nli/landsat/landsat-collection-1?qt-science_support_page_related_con=1#qt-science_support_page_related_con}},
	note = {Accessed: 2021-06-20}
}

@misc{WGI,
	title = {World Glacier Inventory},
	howpublished = {\url{http://nsidc.org/data/glacier_inventory/index.html}},
	note = {Accessed: 2021-06-20}
}

@misc{STAC,
	title = {STAC},
	howpublished = {\url{https://stacspec.org/STAC-api.html}},
	note = {Accessed: 2021-06-20}
}

@misc{USGS,
	title = {USGS},
	howpublished = {\url{https://earthexplorer.usgs.gov/}},
	note = {Accessed: 2021-06-21}
}
@misc{LANDSAT,
	title = {LANDSAT},
	howpublished = {\url{https://www.usgs.gov/core-science-systems/nli/landsat/landsat-8?qt-science_support_page_related_con=0#}},
	note = {Accessed: 2021-06-21}
}
@misc{LANDSATPIC,
	title = {LANDSATPIC},
	howpublished = {\url{https://landsat.gsfc.nasa.gov/sites/landsat/files/2013/01}},
	note = {Accessed: 2021-06-21}
}
@INPROCEEDINGS{lolidcp,
	author = {Knight, Edward J and Kvaran, Geir},
	title = {Landsat-8 Operational Land Imager Design, Characterization and Performance},
	booktitle = {Proceedings of the ECAI 94 Workshop on Applications of Evolutionary Algorithms},
	year = {2014},
	publisher = {Landsat-8 Sensor Characterization and Calibration}
}
@INPROCEEDINGS{oli,
	author = {Murphy-Morris, Jeanine},
	title = {Operational Land Imager},
	year = {2008},
	publisher = {U.S. Geological Survey}
}
@INPROCEEDINGS{el8,
	author = {Tri Dev Acharya and Intae Yang},
	title = {Exploring Landsat 8},
	year = {2015},
	booktitle = {International Journal of IT, Engineering and Applied Sciences Research (IJIEASR) ISSN: 2319-4413 Volume 4, No. 4}
}
@misc{tirs,
	title = {TIRS},
	howpublished = {\url{https://landsat.gsfc.nasa.gov/landsat-8/thermal-infrared-sensor-tirs}},
	note = {Accessed: 2021-06-21}
}
@misc{bands,
	title = {bands},
	howpublished = {\url{https://www.usgs.gov/faqs/what-are-best-landsat-spectral-bands-use-my-research/}},
	note = {Accessed: 2021-06-21}
}
@misc{lgng,
	title = {lgng},
	howpublished = {\url{https://landsat.gsfc.nasa.gov/}},
	note = {Accessed: 2021-06-21}
}
@misc{lc1l1,
	title = {lc1l1},
	howpublished = {\url{https://prd-wret.s3.us-west-2.amazonaws.com/assets/palladium/production/atoms/files/LSDS-1656_%20Landsat_Collection1_L1_Product_Definition-v2.pdf}},
	note = {Accessed: 2021-06-22}
}
@misc{l8otb,
	title = {l8otb},
	howpublished = {\url{https://gisgeography.com/landsat-8-bands-combinations/}},
	note = {Accessed: 2021-06-22}
}
@misc{bd,
	title = {bd},
	howpublished = {\url{https://landsat.gsfc.nasa.gov/landsat-8/landsat-8-bands/}},
	note = {Accessed: 2021-06-22}
}



